@article{klimesch1999,
  author = {Klimesch, W.},
  title = {EEG alpha and theta oscillations reflect cognitive and memory performance: a review and analysis},
  journal = {Brain Research Brain Research Reviews},
  volume = {29},
  number = {2-3},
  pages = {169--195},
  year = {1999},
  month = apr,
  doi = {10.1016/s0165-0173(98)00056-3},
  pmid = {10209231}
}


@article{sitaram2017,
  author = {Sitaram, R. and Ros, T. and Stoeckel, L. and Haller, S. and Scharnowski, F. and Lewis-Peacock, J. and Weiskopf, N. and Blefari, M.L. and Rana, M. and Oblak, E. and Birbaumer, N. and Sulzer, J.},
  title = {Closed-loop brain training: the science of neurofeedback},
  journal = {Nature Reviews Neuroscience},
  volume = {18},
  number = {2},
  pages = {86--100},
  year = {2017},
  doi = {10.1038/nrn.2016.164}
}

@article{nozaradan2014,
  author = {Nozaradan, S.},
  title = {Exploring how musical rhythm entrains brain activity with electroencephalogram frequency-tagging},
  journal = {Philosophical Transactions of the Royal Society B: Biological Sciences},
  volume = {369},
  number = {1658},
  pages = {20130393},
  year = {2014},
  doi = {10.1098/rstb.2013.0393},
  pmid = {25385771},
  pmcid = {PMC4240960}
}

@article{besedovsky2017,
  author = {Besedovsky, L. and Ngo, H. V. V. and Dimitrov, S. and Gassenmaier, C. and Lehmann, R. and Born, J.},
  title = {Auditory closed-loop stimulation of EEG slow oscillations strengthens sleep and signs of its immune-supportive function},
  journal = {Nature Communications},
  volume = {8},
  pages = {1984},
  year = {2017},
  doi = {10.1038/s41467-017-02170-3}
}

@article{soderlund2007,
  author = {S{\"o}derlund, G. and Sikstr{\"o}m, S. and Smart, A.},
  title = {Listen to the noise: noise is beneficial for cognitive performance in ADHD},
  journal = {Journal of Child Psychology and Psychiatry},
  volume = {48},
  number = {8},
  pages = {840--847},
  year = {2007},
  month = aug,
  doi = {10.1111/j.1469-7610.2007.01749.x},
  pmid = {17683456}
}

@article{soderlund2007,
  author = {Söderlund, G. and Sikström, S. and Smart, A.},
  title = {Listen to the noise: noise is beneficial for cognitive performance in ADHD},
  journal = {Journal of Child Psychology and Psychiatry},
  volume = {48},
  number = {8},
  pages = {840--847},
  year = {2007},
  month = aug,
  doi = {10.1111/j.1469-7610.2007.01749.x},
  pmid = {17683456}
}


@inproceedings{mark2016,
  author = {Mark, Gloria and Iqbal, Shamsi T. and Czerwinski, Mary and Johns, Paul and Sano, Akane and Lutchyn, Yuliya},
  title = {Email Duration, Batching and Self-interruption: Patterns of Email Use on Productivity and Stress},
  booktitle = {Proceedings of the 2016 CHI Conference on Human Factors in Computing Systems},
  series = {CHI '16},
  pages = {1717--1728},
  year = {2016},
  publisher = {Association for Computing Machinery},
  address = {New York, NY, USA},
  doi = {10.1145/2858036.2858262},
  url = {https://doi.org/10.1145/2858036.2858262},
  isbn = {9781450333627},
  location = {San Jose, California, USA},
  keywords = {workplace, stress, sensors, productivity, interruptions, in situ study, email}
}
